<record><leader>00000cas a2200000 a 4500</leader><controlfield tag="001">28396352</controlfield><controlfield tag="008">930708d190u1997iluwr ne      0    0eng c</controlfield><datafield ind1=" " ind2=" " tag="010"><subfield code="a">sn 93055746 </subfield></datafield><datafield ind1=" " ind2=" " tag="040"><subfield code="a">NVF</subfield><subfield code="b">eng</subfield><subfield code="c">NVF</subfield><subfield code="d">NVF</subfield><subfield code="d">OCLCQ</subfield><subfield code="d">OCLCF</subfield><subfield code="d">OCLCO</subfield></datafield><datafield ind1=" " ind2=" " tag="042"><subfield code="a">pcc</subfield></datafield><datafield ind1=" " ind2=" " tag="043"><subfield code="a">n-us-il</subfield></datafield><datafield ind1="0" ind2=" " tag="130"><subfield code="a">Calhoun herald (Hardin, Ill. : 1904)</subfield></datafield><datafield ind1="1" ind2="0" tag="245"><subfield code="a">Calhoun herald.</subfield></datafield><datafield ind1=" " ind2=" " tag="260"><subfield code="a">Hardin, Ill. :</subfield><subfield code="b">Chas. H. Lamar,</subfield><subfield code="c">[190-?]-1997.</subfield></datafield><datafield ind1=" " ind2=" " tag="300"><subfield code="a">v.</subfield></datafield><datafield ind1=" " ind2=" " tag="310"><subfield code="a">Weekly</subfield></datafield><datafield ind1="0" ind2=" " tag="362"><subfield code="a">-no. 32 (July 31, 1997).</subfield></datafield><datafield ind1=" " ind2=" " tag="515"><subfield code="a">Volume and issue numbering irregularities.</subfield></datafield><datafield ind1=" " ind2=" " tag="580"><subfield code="a">Merged with: Calhoun news (Hardin, Ill.), to form: Calhoun news-herald.</subfield></datafield><datafield ind1=" " ind2=" " tag="588"><subfield code="a">Description based on: Vol. 31, no. 44 (Jan. 7, 1904).</subfield></datafield><datafield ind1=" " ind2="0" tag="651"><subfield code="a">Hardin (Ill.)</subfield><subfield code="v">Newspapers.</subfield></datafield><datafield ind1=" " ind2="0" tag="651"><subfield code="a">Calhoun County (Ill.)</subfield><subfield code="v">Newspapers.</subfield></datafield><datafield ind1=" " ind2="7" tag="655"><subfield code="a">Newspapers.</subfield><subfield code="2">fast</subfield><subfield code="0">(OCoLC)fst01423814</subfield></datafield><datafield ind1=" " ind2="7" tag="651"><subfield code="a">Illinois</subfield><subfield code="z">Calhoun County.</subfield><subfield code="2">fast</subfield><subfield code="0">(OCoLC)fst01214771</subfield></datafield><datafield ind1=" " ind2="7" tag="651"><subfield code="a">Illinois</subfield><subfield code="z">Hardin.</subfield><subfield code="2">fast</subfield><subfield code="0">(OCoLC)fst01209116</subfield></datafield><datafield ind1=" " ind2=" " tag="752"><subfield code="a">United States</subfield><subfield code="b">Illinois</subfield><subfield code="c">Calhoun</subfield><subfield code="d">Hardin.</subfield></datafield><datafield ind1="0" ind2="0" tag="780"><subfield code="t">Calhoun times-herald</subfield><subfield code="w">(DLC)sn 93055745</subfield><subfield code="w">(OCoLC)28396319</subfield></datafield><datafield ind1="1" ind2="7" tag="785"><subfield code="t">Calhoun news (Hardin, Ill.)</subfield><subfield code="w">(DLC)sn 93055742</subfield><subfield code="w">(OCoLC)28395918</subfield></datafield><datafield ind1="1" ind2="7" tag="785"><subfield code="t">Calhoun news-herald</subfield><subfield code="w">(DLC)sn 98063202</subfield><subfield code="w">(OCoLC)38285014</subfield></datafield></record>